<collection xmlns="http://www.loc.gov/MARC21/slim"><record><leader>00792nam  2200241   450</leader><controlfield tag="001">982</controlfield><controlfield tag="003">http://montalegre.opacnet.com/OPAC/default.aspx?ContentAreaControl=ShowRegHoldings.ascx&amp;RegNo=16662</controlfield><datafield tag="100" ind1=" " ind2=" "><subfield code="a">20021126d2002    m  y0pory0103    ba</subfield></datafield><datafield tag="101" ind1="1" ind2=" "><subfield code="a">por</subfield><subfield code="c">eng</subfield></datafield><datafield tag="102" ind1=" " ind2=" "><subfield code="a">PT</subfield></datafield><datafield tag="105" ind1=" " ind2=" "><subfield code="a">y   z   001ay</subfield></datafield><datafield tag="106" ind1=" " ind2=" "><subfield code="a">r</subfield></datafield><datafield tag="200" ind1="1" ind2=" "><subfield code="a">&lt;A &gt;balada do café triste</subfield><subfield code="f">Carson Maccullers</subfield><subfield code="g">trad. José M. Guardado Moreira</subfield></datafield><datafield tag="210" ind1=" " ind2=" "><subfield code="a">Lisboa</subfield><subfield code="c">Relógio d'Água</subfield></datafield><datafield tag="215" ind1=" " ind2=" "><subfield code="a">75 p.</subfield><subfield code="d">21 cm</subfield></datafield><datafield tag="225" ind1="2" ind2=" "><subfield code="a">Ficções</subfield></datafield><datafield tag="304" ind1=" " ind2=" "><subfield code="a">Tít. orig.: The ballad of the sad cafe, 1951</subfield></datafield><datafield tag="675" ind1=" " ind2=" "><subfield code="a">821</subfield></datafield><datafield tag="700" ind1=" " ind2="1"><subfield code="a">MacCullers</subfield><subfield code="b">Carson</subfield><subfield code="f">1917-1967</subfield></datafield><datafield tag="702" ind1=" " ind2="1"><subfield code="a">Moreira</subfield><subfield code="b">José M. Guardado</subfield><subfield code="4">730</subfield></datafield><datafield tag="801" ind1=" " ind2="0"><subfield code="a">PT</subfield><subfield code="b">Biblioteca Municipal de Montalegre</subfield><subfield code="g">RPC</subfield></datafield><datafield tag="856" ind1=" " ind2=" "><subfield code="u">locateMedia.asp?cod=20060705095315&amp;ext=jpg</subfield><subfield code="z">CAPA</subfield></datafield><datafield tag="909" ind1="&#9;" ind2=" "><subfield code="a">2</subfield></datafield><datafield tag="966" ind1=" " ind2=" "><subfield code="a">0009182</subfield><subfield code="l">BMM</subfield><subfield code="s">SCG 821 McC bal</subfield></datafield><datafield tag="966" ind1=" " ind2=" "><subfield code="a">0009183</subfield><subfield code="l">BMM</subfield><subfield code="s">SCG 821 McC bal</subfield></datafield></record></collection>